@article{huntington1993clash,
  title={The clash of civilizations?},
  author={Huntington, Samuel P},
  journal={Foreign affairs},
  pages={22--49},
  year={1993},
  publisher={JSTOR}
}

@article{skocpol1999bringing,
  title={Bringing the state back in},
  author={Skocpol, Theda and Evans, Peter and Rueschemeyer, Dietrich and others},
  journal={Cambridge},
  year={1999}
}