@article{huntington1993clash,
  title={The clash of civilizations?},
  author={Huntington, Samuel P},
  journal={Foreign affairs},
  pages={22--49},
  year={1993},
  publisher={JSTOR}
}

@article{skocpol1999bringing,
  title={Bringing the state back in},
  author={Skocpol, Theda and Evans, Peter and Rueschemeyer, Dietrich and others},
  journal={Cambridge},
  year={1999}
}

@article{kennedy2004decline,
  title={The decline and fall of the first Muslim empire},
  author={Kennedy, Hugh},
  journal={Der Islam},
  volume={81},
  number={1},
  pages={3},
  year={2004},
  publisher={Walter de Gruyter GmbH}
}


